<?xml version="1.0" encoding="UTF-8"?><collection xmlns="http://www.loc.gov/MARC21/slim"><record><leader>00575nam--2200169-i-4500</leader><controlfield tag="001">000001447</controlfield><controlfield tag="002">20161230</controlfield><controlfield tag="005">20161230201024</controlfield><controlfield tag="008">060222s1000------------r-----000-0-eng-d</controlfield><datafield ind1=" " ind2=" " tag="040"><subfield code="a">IFIN-HH</subfield></datafield><datafield ind1=" " ind2=" " tag="080"><subfield code="a">539.2</subfield></datafield><datafield ind1="1" ind2=" " tag="100"><subfield code="a">Grant, Jr., Roderick Mclellan</subfield></datafield><datafield ind1="1" ind2="0" tag="245"><subfield code="a">The effects of pre-irradiation annealing on the thermoluminiscence, dielectric loss, and optical absorption of lif:mg</subfield><subfield code="b">Dissertation</subfield><subfield code="c">Roderick mclellan grant, jr</subfield></datafield><datafield ind1=" " ind2=" " tag="260"><subfield code="a">Ann Arbor, Michigan</subfield><subfield code="b">University Microfilms, Inc</subfield><subfield code="c">1965</subfield></datafield><datafield ind1=" " ind2=" " tag="300"><subfield code="a">96P</subfield></datafield><datafield ind1=" " ind2=" " tag="852"><subfield code="a">29187</subfield><subfield code="c">539.2</subfield></datafield><datafield ind1=" " ind2=" " tag="CAT"><subfield code="a">Sys</subfield><subfield code="c">20121015</subfield><subfield code="h">134443</subfield></datafield></record></collection>